<record><leader>00000cas a22000007a 4500</leader><controlfield tag="001">20777755</controlfield><controlfield tag="008">891213u1964uuuupr sr ne      0    0spa d</controlfield><datafield ind1=" " ind2=" " tag="010"><subfield code="a">sn 89078425 </subfield></datafield><datafield ind1=" " ind2=" " tag="040"><subfield code="a">PNN</subfield><subfield code="b">eng</subfield><subfield code="c">PNN</subfield><subfield code="d">OCLCQ</subfield></datafield><datafield ind1=" " ind2=" " tag="042"><subfield code="a">msc</subfield></datafield><datafield ind1="0" ind2="0" tag="245"><subfield code="a">Foro libre.</subfield></datafield><datafield ind1=" " ind2=" " tag="260"><subfield code="a">San Juan, P.R. :</subfield><subfield code="b">Prensa Liberal Universitaria</subfield></datafield><datafield ind1=" " ind2=" " tag="300"><subfield code="a">v.</subfield></datafield><datafield ind1=" " ind2=" " tag="310"><subfield code="a">Semimonthly</subfield></datafield><datafield ind1="0" ind2=" " tag="362"><subfield code="a">[Nu&#769;m. 1] (15 de jun. 1964)-</subfield></datafield><datafield ind1=" " ind2=" " tag="752"><subfield code="a">United States</subfield><subfield code="b">Puerto Rico</subfield><subfield code="d">San Juan.</subfield></datafield><datafield ind1="1" ind2=" " tag="029"><subfield code="a">AU@</subfield><subfield code="b">000025883466</subfield></datafield></record>